<?xml version="1.0" encoding="UTF-8"?><record xmlns="http://www.loc.gov/MARC21/slim" xmlns:cinclude="http://apache.org/cocoon/include/1.0" xmlns:zs="http://www.loc.gov/zing/srw/">
  <leader>00551nz  a2200133n  4500</leader>
  <controlfield tag="001">nb2006005340</controlfield>
  <controlfield tag="003">DLC</controlfield>
  <controlfield tag="005">20060302051135.0</controlfield>
  <controlfield tag="008">060301n| acannaabn          |n ana      </controlfield>
  <datafield tag="010" ind1=" " ind2=" ">
    <subfield code="a">nb2006005340</subfield>
  </datafield>
  <datafield tag="035" ind1=" " ind2=" ">
    <subfield code="a">(Uk)006413175</subfield>
  </datafield>
  <datafield tag="040" ind1=" " ind2=" ">
    <subfield code="a">Uk</subfield>
    <subfield code="b">eng</subfield>
    <subfield code="c">Uk</subfield>
  </datafield>
  <datafield tag="110" ind1="2" ind2=" ">
    <subfield code="a">PharmaVentures (Firm)</subfield>
  </datafield>
  <datafield tag="670" ind1=" " ind2=" ">
    <subfield code="a">The drug delivery companies report 1998/99, c1998:</subfield>
    <subfield code="b">t.p. (PharmaVentures) inside front cover (PharmaVentures Ltd., Oxford Science Park, UK) back cover (consultancy providing strategic business development services to pharmaceutical and biotechnology companies)</subfield>
  </datafield>
</record>